@misc{Charette2020,
    author = "Charette, François and Reutenauer, Arthur and Roucariès, Bastien and Spitzmüller, Jürgen",
    title  = {{Polyglossia: Modern multilingual typesetting with \XeLaTeX~ and Lua\LaTeX}},
    howpublished      =	{\url{https://ctan.math.illinois.edu/macros/latex/contrib/polyglossia/polyglossia.pdf}},
    note = {(Date accessed: 2020-05-15)}
}

@misc{ahmadi2020TexforKurdish,
    author = "Ahmadi, Sina",
    title  = {{Typesetting with \XeLaTeX for Kurdish}},
    howpublished      =	 {\url{http://kurdishtex.github.io/docs/XeLaTeXforKurdish.pdf}},
    note = {(Date accessed: 2020-05-15)}
}

@misc{wilkins1995getting,
	author = "R. Wilkins, David",
	title  = {{Getting Started with \LaTeX}},
    howpublished = {\url{http://www.ap.smu.ca/~dclarke/home/documents/latex/lprimer.pdf}},
    note = {(Date accessed: 2020-05-15)}
}

