@misc{Charette2020,
    author = " فڕانسوا چارێت، ئارتوور ڕۆیتێناور، باستیان ڕووساریێ و یوورگن سپیتچموولە",
    title  = {{[ئینگلیسی]\texttt{\textenglish{Polyglossia}}: پێکهێنانی مۆدێڕنی دەق بە  \XeLaTeX~ و Lua\LaTeX}},
    howpublished      =	{\url{https://ctan.math.illinois.edu/macros/latex/contrib/polyglossia/polyglossia.pdf}},
    note = { مێژووی چاو لێ کردن: 2020-05-15 }
}


@misc{ahmadi2020TexforKurdish,
    author = "ئەحمەدی, سینا",
    title  = {{[ئینگلیسی] پێکهێنانی دەق بە \XeLaTeX ~بۆ کوردی}},
    howpublished      =	 {\url{http://kurdishtex.github.io/docs/XeLaTeXforKurdish.pdf}},
    note = { مێژووی چاو لێ کردن: 2020-05-15 }
}

@misc{wilkins1995getting,
	author = "ویلكینز, ده‌یڤید",
	title  = {{ده‌ست پێ كردن به‌ \LaTeX [ئینگلیسی]}},
    howpublished = {\url{http://www.ap.smu.ca/~dclarke/home/documents/latex/lprimer.pdf}},
    note = { مێژووی چاو لێ کردن: 2020-05-15 }
}


