@misc{Charette2020,
    author = "Charette, François and Reutenauer, Arthur  and Roucariès, Bastien and Spitzmüller, Jürgen",
    title  = {{Polyglossia: Modern multilingual typesetting with \XeLaTeX~ and Lua\LaTeX}},
    howpublished      =	{\url{https://ctan.math.illinois.edu/macros/latex/contrib/polyglossia/polyglossia.pdf}},
    note = {(Date accessed: 2020-05-15)}
}

